@article{lee2018quantum,
  title={Quantum modular forms and Hecke operators},
  author={Lee, Seewoo},
  journal={Research in Number Theory},
  volume={4},
  number={2},
  pages={18},
  year={2018},
  publisher={Springer}
}

@article{lee2019maass,
  title={Maass wave forms, quantum modular forms and Hecke operators},
  author={Lee, Seewoo},
  journal={Research in the Mathematical Sciences},
  volume={6},
  number={1},
  pages={7},
  year={2019},
  publisher={Springer}
}

@article{hales2005proof,
  title={{A proof of the Kepler conjecture}},
  author={Hales, Thomas C},
  journal={Annals of mathematics},
  pages={1065--1185},
  year={2005},
  publisher={JSTOR}
}

@inproceedings{hales2017formal,
  title={A formal proof of the Kepler conjecture},
  author={Hales, Thomas and Adams, Mark and Bauer, Gertrud and Dang, Tat Dat and Harrison, John and Le Truong, Hoang and Kaliszyk, Cezary and Magron, Victor and McLaughlin, Sean and Nguyen, Tat Thang and others},
  booktitle={Forum of mathematics, Pi},
  volume={5},
  pages={e2},
  year={2017},
  organization={Cambridge University Press}
}


@article{cohn2017sphere,
  title={The sphere packing problem in dimension 24},
  author={Cohn, Henry and Kumar, Abhinav and Miller, Stephen and Radchenko, Danylo and Viazovska, Maryna},
  journal={Annals of Mathematics},
  volume={185},
  number={3},
  pages={1017--1033},
  year={2017},
  publisher={Department of Mathematics, Princeton University Princeton, New Jersey, USA}
}

@article{viazovska2017sphere,
  title={The sphere packing problem in dimension 8},
  author={Viazovska, Maryna},
  journal={Annals of mathematics},
  pages={991--1015},
  year={2017},
  publisher={JSTOR}
}


@article{cohn2003new,
  title={New upper bounds on sphere packings I},
  author={Cohn, Henry and Elkies, Noam},
  journal={Annals of mathematics},
  pages={689--714},
  year={2003},
  publisher={JSTOR}
}

@article{
romik2023viazovska,
author = {Dan Romik },
title = {On {V}iazovska’s modular form inequalities},
journal = {Proceedings of the National Academy of Sciences},
volume = {120},
number = {43},
pages = {e2304891120},
year = {2023},
doi = {10.1073/pnas.2304891120},
URL = {https://www.pnas.org/doi/abs/10.1073/pnas.2304891120},
eprint = {https://www.pnas.org/doi/pdf/10.1073/pnas.2304891120},
abstract = {Viazovska proved that the E8 lattice sphere packing is the densest sphere packing in 8 dimensions. Her proof relies on two inequalities between functions defined in terms of modular and quasimodular forms. We give a direct proof of these inequalities that does not rely on computer calculations.}}

@inproceedings{feigenbaum2021eigenfunctions,
  title={Eigenfunctions of the Fourier Transform with specified zeros},
  author={Feigenbaum, Ahram S and Grabner, Peter J and Hardin, Douglas P},
  booktitle={Mathematical Proceedings of the Cambridge Philosophical Society},
  volume={171},
  number={2},
  pages={329--367},
  year={2021},
  organization={Cambridge University Press}
}

@article{kaneko2006extremal,
  title={On extremal quasimodular forms},
  author={Kaneko, Masanobu and Koike, Masao},
  journal={Kyushu Journal of Mathematics},
  volume={60},
  number={2},
  pages={457--470},
  year={2006},
  publisher={Faculty of Mathematics, Kyushu University}
}

@inproceedings{bourgain2010principe,
  title={{Principe d'Heisenberg et fonctions positives}},
  author={Bourgain, Jean and Clozel, Laurent and Kahane, Jean-Pierre},
  booktitle={Annales de l'institut Fourier},
  volume={60},
  number={4},
  pages={1215--1232},
  year={2010}
}

@article{ben2023relative,
  title={Relative Langlands duality},
  author={Ben-Zvi, David and Sakellaridis, YIANNIS and Venkatesh, AKSHAY},
  journal={Preprint available at https://www. math. ias. edu/akshay/research/BZSVpaperV1. pdf},
  year={2023}
}

@misc{lmfdb,
  title = {{LMFDB}: The {L}-functions and modular forms database},
  howpublished = {\url{https://www.lmfdb.org/}}
}

@manual{sagemath,
  Key          = {SageMath},
  Author       = {{The Sage Developers}},
  Title        = {{S}ageMath, the {S}age {M}athematics {S}oftware {S}ystem ({V}ersion 9.8)},
  note         = {{\tt https://www.sagemath.org}},
  Year         = {2023},
}

@article{emory2020global,
  title={On the global {Gan--Gross--Prasad} conjecture for general spin groups},
  author={Emory, Melissa},
  journal={Pacific Journal of Mathematics},
  volume={306},
  number={1},
  pages={115--151},
  year={2020},
  publisher={Mathematical Sciences Publishers}
}

@article{liu2016refined,
  title={Refined global Gan--Gross--Prasad conjecture for Bessel periods},
  author={Liu, Yifeng},
  journal={Journal f{\"u}r die reine und angewandte Mathematik (Crelles Journal)},
  volume={2016},
  number={717},
  pages={133--194},
  year={2016},
  publisher={De Gruyter}
}

@article{gan2011symplectic,
  title={Symplectic local root numbers, central critical {L}-values, and restriction problems in the representation theory of classical groups},
  author={Gan, Wee Teck and Gross, Benedict H and Prasad, Dipendra},
  journal={Ast{\'e}risque},
  pages={No--pp},
  year={2011},
  publisher={Soci{\'e}t{\'e} Math{\'e}matique de France}
}

@article{ichino2010periods,
  title={On the periods of automorphic forms on special orthogonal groups and the Gross--Prasad conjecture},
  author={Ichino, Atsushi and Ikeda, Tamutsu},
  journal={Geometric and Functional Analysis},
  volume={19},
  pages={1378--1425},
  year={2010},
  publisher={Springer}
}

@article{furusawa2020refined,
  title={Refined global Gross--Prasad conjecture on special Bessel periods and B{\"o}cherer’s conjecture},
  author={Furusawa, Masaaki and Morimoto, Kazuki},
  journal={Journal of the European Mathematical Society},
  volume={23},
  number={4},
  pages={1295--1331},
  year={2020}
}

@software{MATLAB,
year = {2022},
author = {The MathWorks Inc.},
title = {{MATLAB}},
publisher = {The MathWorks Inc.},
address = {Natick, Massachusetts, United States},
url = {https://www.mathworks.com}
}

@article{cohn2022three,
  title={Three-point bounds for sphere packing},
  author={Cohn, Henry and de Laat, David and Salmon, Andrew},
  journal={arXiv preprint arXiv:2206.15373},
  year={2022}
}


@article{cohen1988q,
  title={{q-identities for Maass waveforms}},
  author={Cohen, Henri},
  journal={Inventiones mathematicae},
  volume={91},
  number={3},
  pages={409--422},
  year={1988},
  publisher={Springer}
}

@article{harris2010family,
  title={A family of Calabi-Yau varieties and potential automorphy},
  author={Harris, Michael and Shepherd-Barron, Nick and Taylor, Richard},
  journal={Annals of Mathematics},
  pages={779--813},
  year={2010},
  publisher={JSTOR}
}

@article{barnet2011family,
  title={A family of Calabi--Yau varieties and potential automorphy II},
  author={Barnet-Lamb, Tom and Geraghty, David and Harris, Michael and Taylor, Richard},
  journal={Publications of the Research Institute for Mathematical Sciences},
  volume={47},
  number={1},
  pages={29--98},
  year={2011}
}

@article{sarnak2005notes,
  title={Notes on the generalized Ramanujan conjectures},
  author={Sarnak, Peter},
  journal={Harmonic analysis, the trace formula, and Shimura varieties},
  volume={4},
  pages={659--685},
  year={2005},
  publisher={Citeseer}
}

@article{lee2024algebraic,
  title={Algebraic proof of modular form inequalities for optimal sphere packings},
  author={Lee, Seewoo},
  journal={arXiv preprint arXiv:2406.14659},
  year={2024}
}

@inproceedings{lee2023hetal,
  title={{HETAL: Efficient privacy-preserving transfer learning with homomorphic encryption}},
  author={Lee, Seewoo and Lee, Garam and Kim, Jung Woo and Shin, Junbum and Lee, Mun-Kyu},
  booktitle={International Conference on Machine Learning},
  pages={19010--19035},
  year={2023},
  organization={PMLR}
}

@inproceedings{cheon2020efficient,
  title={Efficient homomorphic comparison methods with optimal complexity},
  author={Cheon, Jung Hee and Kim, Dongwoo and Kim, Duhyeong},
  booktitle={Advances in Cryptology--ASIACRYPT 2020: 26th International Conference on the Theory and Application of Cryptology and Information Security, Daejeon, South Korea, December 7--11, 2020, Proceedings, Part II 26},
  pages={221--256},
  year={2020},
  organization={Springer}
}

@article{cheon2022efficient,
  title={Efficient homomorphic evaluation on large intervals},
  author={Cheon, Jung Hee and Kim, Wootae and Park, Jai Hyun},
  journal={IEEE Transactions on Information Forensics and Security},
  volume={17},
  pages={2553--2568},
  year={2022},
  publisher={IEEE}
}

@inproceedings{cheon2017homomorphic,
  title={Homomorphic encryption for arithmetic of approximate numbers},
  author={Cheon, Jung Hee and Kim, Andrey and Kim, Miran and Song, Yongsoo},
  booktitle={Advances in Cryptology--ASIACRYPT 2017: 23rd International Conference on the Theory and Applications of Cryptology and Information Security, Hong Kong, China, December 3-7, 2017, Proceedings, Part I 23},
  pages={409--437},
  year={2017},
  organization={Springer}
}


@inproceedings{jin2020secure,
  title={Secure transfer learning for machine fault diagnosis under different operating conditions},
  author={Jin, Chao and Ragab, Mohamed and Aung, Khin Mi Mi},
  booktitle={International Conference on Provable Security},
  pages={278--297},
  year={2020},
  organization={Springer}
}

@article{crockett2020low,
  title={A low-depth homomorphic circuit for logistic regression model training},
  author={Crockett, Eric},
  journal={Cryptology ePrint Archive},
  year={2020}
}

@article{lee2022privacy,
  title={Privacy-preserving machine learning with fully homomorphic encryption for deep neural network},
  author={Lee, Joon-Woo and Kang, HyungChul and Lee, Yongwoo and Choi, Woosuk and Eom, Jieun and Deryabin, Maxim and Lee, Eunsang and Lee, Junghyun and Yoo, Donghoon and Kim, Young-Sik and others},
  journal={iEEE Access},
  volume={10},
  pages={30039--30054},
  year={2022},
  publisher={IEEE}
}

@article{hong2022secure,
  title={Secure tumor classification by shallow neural network using homomorphic encryption},
  author={Hong, Seungwan and Park, Jai Hyun and Cho, Wonhee and Choe, Hyeongmin and Cheon, Jung Hee},
  journal={BMC genomics},
  volume={23},
  number={1},
  pages={284},
  year={2022},
  publisher={Springer}
}


@misc{heaansdk,
  title = {{HEaaN.SDK}},
  howpublished = {\url{hhttps://ckks.org/software/}},
}

@misc{conway2005covering,
  title={Covering a triangle with triangles},
  author={Conway, JH and Soifer, Alexander},
  journal={American Mathematical Monthly},
  volume={112},
  number={1},
  pages={78--78},
  year={2005},
  publisher={MATHEMATICAL ASSOC AMER 1529 18TH STREET NW, WASHINGTON, DC 20036 USA}
}

@article{baek2024equilateral,
  title={{An Equilateral Triangle of Side $n$ Cannot be Covered by $n^2 + 1$ Unit Equilateral Triangles Homothetic to it}},
  author={Baek, Jineon and Lee, Seewoo},
  journal={The American Mathematical Monthly},
  volume={132},
  number={2},
  pages={113--121},
  year={2024},
  publisher={Taylor \& Francis}
}

@article{zagier2010quantum,
  title={Quantum modular forms},
  author={Zagier, Don},
  journal={Quanta of maths},
  volume={11},
  pages={659--675},
  year={2010},
  publisher={Citeseer}
}

@article{lewis2001period,
  title={Period functions for Maass wave forms. I},
  author={Lewis, John and Zagier, Don},
  journal={Annals of Mathematics},
  volume={153},
  number={1},
  pages={191--258},
  year={2001},
  publisher={JSTOR}
}

@article{li2013renormalization,
  title={Renormalization and quantum modular forms, part I: Maass wave forms},
  author={Li, Yingkun and Ngo, Hieu T and Rhoades, Robert C},
  journal={arXiv preprint arXiv:1311.3043},
  year={2013}
}

@article{mao1997trace,
  title={A trace formula for dual pairs},
  author={Mao, Zhengyu and Rallis, Stephen},
  journal={Duke Mathematical Journal},
  volume={87},
  number={2},
  pages={321--341},
  year={1997},
  publisher={Duke University Press}
}

@article{mao2023bzsv,
  title={{BZSV Duality for Some Strongly Tempered Spherical Varieties}},
  author={Mao, Zhengyu and Wan, Chen and Zhang, Lei},
  journal={arXiv preprint arXiv:2310.17837},
  year={2023}
}

@article{lapid2015conjecture,
  title={{A conjecture on Whittaker--Fourier coefficients of cusp forms}},
  author={Lapid, Erez and Mao, Zhengyu},
  journal={Journal of Number Theory},
  volume={146},
  pages={448--505},
  year={2015},
  publisher={Elsevier}
}

@article{baek2024formalizing,
  title={{Formalizing Mason-Stothers Theorem and its Corollaries in Lean 4}},
  author={Baek, Jineon and Lee, Seewoo},
  journal={arXiv preprint arXiv:2408.15180},
  year={2024}
}

@article{eberl17,
  author  = {Manuel Eberl},
  title   = {{The Mason--Stothers Theorem}},
  journal = {Archive of Formal Proofs},
  month   = {December},
  year    = {2017},
  note    = {\url{https://isa-afp.org/entries/Mason_Stothers.html},
            Formal proof development},
  ISSN    = {2150-914x},
}

@misc{wagemaker18,
      title={{A Formally Verified Proof of the Mason-Stothers Theorem in Lean}}, 
      author={Jens Wagemaker},
      year={2018},
      note = {\url{https://matryoshka-project.github.io/pubs/wagemaker_bsc_thesis.pdf}}
}

@article{buzzard2022schemes,
  title={{Schemes in lean}},
  author={Buzzard, Kevin and Hughes, Chris and Lau, Kenny and Livingston, Amelia and Mir, Ramon Fern{\'a}ndez and Morrison, Scott},
  journal={Experimental Mathematics},
  volume={31},
  number={2},
  pages={355--363},
  year={2022},
  publisher={Taylor \& Francis}
}

@article{gowers2023conjecture,
  title={On a conjecture of Marton},
  author={Gowers, WT and Green, Ben and Manners, Freddie and Tao, Terence},
  journal={arXiv preprint arXiv:2311.05762},
  year={2023}
}

@misc{pfr,
  author = {Terence Tao},
  title = {{The Polynomial Freiman-Ruzsa Conjecture}},
  howpublished = {\url{https://teorth.github.io/pfr/}},
  note = {Accessed: 2024-10-02}
}

@misc{fltlean4,
  author = {Kevin Buzzard},
  title = {{Formalization of Fermat's Last theorem}},
  howpublished = {\url{https://github.com/ImperialCollegeLondon/FLT}},
  note = {Accessed: 2024-10-02}
}

@misc{mathlib4,
  author = {Lean Community},
  title = {{mathlib4}},
  howpublished = {\url{https://github.com/leanprover-community/mathlib4}},
  note = {Accessed: 2024-10-02}
}

@article {stothers81,
    AUTHOR = {Stothers, W. W.},
     TITLE = {Polynomial identities and {H}auptmoduln},
   JOURNAL = {Quart. J. Math. Oxford Ser. (2)},
  FJOURNAL = {The Quarterly Journal of Mathematics. Oxford. Second Series},
    VOLUME = {32},
      YEAR = {1981},
    NUMBER = {127},
     PAGES = {349--370},
      ISSN = {0033-5606},
}


@book {mason84,
    AUTHOR = {Mason, R. C.},
     TITLE = {Diophantine equations over function fields},
    SERIES = {London Mathematical Society Lecture Note Series},
    VOLUME = {96},
 PUBLISHER = {Cambridge University Press, Cambridge},
      YEAR = {1984},
     PAGES = {x+125},
      ISBN = {0-521-26983-0},
}

@inproceedings{buzzard2020formalising,
  title={Formalising perfectoid spaces},
  author={Buzzard, Kevin and Commelin, Johan and Massot, Patrick},
  booktitle={Proceedings of the 9th ACM SIGPLAN International Conference on Certified Programs and Proofs},
  pages={299--312},
  year={2020}
}

@article{sakellaridis2012spherical,
  title={Spherical varieties and integral representations of L-functions},
  author={Sakellaridis, Yiannis},
  journal={Algebra \& Number Theory},
  volume={6},
  number={4},
  pages={611--667},
  year={2012},
  publisher={Mathematical Sciences Publishers}
}

@article{sakellaridis2017periods,
  title={Periods and harmonic analysis on spherical varieties},
  author={Sakellaridis, Yiannis and Venkatesh, Akshay},
  journal={Asterisque},
  volume={2017},
  number={396},
  pages={1--370},
  year={2017},
  publisher={Societe Mathematique de France}
}

@article{ginzburg2000exterior,
  title={The exterior cube L-function for GL (6)},
  author={Ginzburg, David and Rallis, Stephen},
  journal={Compositio Mathematica},
  volume={123},
  number={3},
  pages={243--272},
  year={2000},
  publisher={London Mathematical Society}
}

@article{cohn2022dual,
  title={Dual linear programming bounds for sphere packing via modular forms},
  author={Cohn, Henry and Triantafillou, Nicholas},
  journal={Mathematics of Computation},
  volume={91},
  number={333},
  pages={491--508},
  year={2022}
}

@article{sakai2012extremal,
  title={Extremal quasimodular forms for low-level congruence subgroups},
  author={Sakai, Yuichi and Tsutsumi, Hiroyuki},
  journal={Journal of Number Theory},
  volume={132},
  number={9},
  pages={1896--1909},
  year={2012},
  publisher={Elsevier}
}

@article{he2020machine,
  title={Machine-learning number fields},
  author={He, Yang-Hui and Lee, Kyu-Hwan and Oliver, Thomas},
  journal={arXiv preprint arXiv:2011.08958},
  year={2020}
}

@article{he2024murmurations,
  title={Murmurations of elliptic curves},
  author={He, Yang-Hui and Lee, Kyu-Hwan and Oliver, Thomas and Pozdnyakov, Alexey},
  journal={Experimental Mathematics},
  pages={1--13},
  year={2024},
  publisher={Taylor \& Francis}
}


@article{lee2025machines,
  title={{Machines Learn Number Fields, But How? The Case of Galois Groups}},
  author={Lee, Kyu-Hwan and Lee, Seewoo},
  journal={arXiv preprint arXiv:2508.06670},
  year={2025}
}

@article{lee2025shanks,
  title={{Shanks bias in function fields}},
  author={Lee, Seewoo},
  journal={in preparation},
  year={2025}
}

@article{bjlls2025fibonacci,
  title={{Powerful Fibonacci Polynomials over Finite Fields}},
  author={Bates, Graeme and Jesubalan, Ryan and Lee, Seewoo and Lu, Jane and Shim, Hyewon},
  journal={in preparation}
}

@article{bjlls2025tie,
  title={{On Ties in Function Field Prime Races}},
  author={Bates, Graeme and Jesubalan, Ryan and Lee, Seewoo and Lu, Jane and Shim, Hyewon},
  journal={in preparation}
}

@article{cha2008chebyshev,
  title={Chebyshev's bias in function fields},
  author={Cha, Byungchul},
  journal={Compositio Mathematica},
  volume={144},
  number={6},
  pages={1351--1374},
  year={2008},
  publisher={London Mathematical Society}
}

@article{rubinstein1994chebyshev,
  title={Chebyshev's bias},
  author={Rubinstein, Michael and Sarnak, Peter},
  journal={Experimental Mathematics},
  volume={3},
  number={3},
  pages={173--197},
  year={1994},
  publisher={Taylor \& Francis}
}

@article{bugeaud2006classical,
  title={{Classical and modular approaches to exponential Diophantine equations I. Fibonacci and Lucas perfect powers}},
  author={Bugeaud, Yann and Mignotte, Maurice and Siksek, Samir},
  journal={Annals of mathematics},
  pages={969--1018},
  year={2006},
  publisher={JSTOR}
}

@article{hamieh2024comparative,
  title={{Comparative Prime Number Theory Problem List}},
  author={Hamieh, Alia and Kadiri, Habiba and Martin, Greg and Ng, Nathan},
  journal={arXiv preprint arXiv:2407.03530},
  year={2024}
}

@article{shanks1959quadratic,
  title={Quadratic residues and the distribution of primes},
  author={Shanks, Daniel},
  journal={Mathematics of Computation},
  volume={13},
  number={68},
  pages={272--284},
  year={1959}
}
